@book{tsinober2019,
  title={Essence of Turbulence as a Physical Phenomenon},
  author={Tsinober, Arkady and Tsinober and Jacobs},
  year={2019},
  publisher={Springer}
}

@book{sagaut2008,
  title={Homogeneous turbulence dynamics},
  author={Sagaut, Pierre and Cambon, Claude},
  volume={10},
  year={2008},
  publisher={Springer}
}

@article{eyinkLecture,
  title={Turbulence Theory},
  author={Eyink, Gregory L},
  journal={The Johns Hopkins University},
  year={2007-2008},
howpublished = "\url{http://www.ams.jhu.edu/~eyink/Turbulence/notes.html}",
  publisher={The Johns Hopkins University}
}

@article{galanti2000,
  title={Is turbulence ergodic?},
  author={Galanti, B and Tsinober, A},
  journal={Physics Letters A},
  volume={330},
  number={3-4},
  pages={173--180},
  year={2004},
  publisher={Elsevier}
}

@article{elsinga2010,
  title={Universal aspects of small-scale motions in turbulence},
  author={Elsinga, GE and Marusic, I},
  journal={Journal of Fluid Mechanics},
  volume={662},
  number={514-539},
  pages={20},
  year={2010}
}

@misc{friedrich2020,
  title={Non-perturbative Methods in Statistical Descriptions of Turbulence},
  author={Friedrich, Jan},
  year={2020},
  publisher={Springer}
}


@article{hill2001,
  title={Equations relating structure functions of all orders},
  author={Hill, Reginald J},
  journal={arXiv preprint physics/0102063},
  year={2001}
}

@article{monin1976,
  title={Statistical fluid mechanics, vol. II},
  author={Monin, AS and Yaglom, Ao M and Lundgren, TS},
  year={1976}
}

@article{hamlington2008,
  title={Direct assessment of vorticity alignment with local and nonlocal strain rates in turbulent flows},
  author={Hamlington, Peter E and Schumacher, J{\"o}rg and Dahm, Werner JA},
  journal={Physics of Fluids},
  volume={20},
  number={11},
  pages={111703},
  year={2008},
  publisher={American Institute of Physics}
}


@article{goto2008,
  title={A physical mechanism of the energy cascade in homogeneous isotropic turbulence},
  author={Goto, Susumu},
  journal={Journal of Fluid Mechanics},
  volume={605},
  pages={355--366},
  year={2008},
  publisher={Cambridge University Press}
}

@article{lvov1996,
  title={Turbulence: a universal problem},
  author={L'vov, Victor and Procaccia, Itamar},
  journal={Physics World},
  volume={9},
  number={8},
  pages={35},
  year={1996},
  publisher={IOP Publishing}
}
	
@article{rubinstein2018,
  title={The Emergence of Small Scales in Vortex Ring Collisions},
  author={Rubinstein, Shmuel and McKeown, Ryan and Ostilla Monico, Rodolfo and Pumir, Alain and Brenner, Michael},
  journal={APS},
  volume={2018},
  pages={C48--013},
  year={2018}
}

@article{yao2020,
  title={A physical model of turbulence cascade via vortex reconnection sequence and avalanche},
  author={Yao, Jie and Hussain, Fazle},
  journal={Journal of Fluid Mechanics},
  volume={883},
  year={2020},
  publisher={Cambridge University Press}
}


@book{zakharov2012,
  title={Kolmogorov spectra of turbulence I: Wave turbulence},
  author={Zakharov, Vladimir E and L'vov, Victor S and Falkovich, Gregory},
  year={2012},
  publisher={Springer Science \& Business Media}
}

@book{cardy2008,
  title={Non-equilibrium statistical mechanics and turbulence},
  author={Cardy, John and Falkovich, Gregory and Gaw{\k{e}}dzki, Krzysztof},
  volume={355},
  year={2008},
  publisher={Cambridge University Press}
}

@book{mccomb2014,
  title={Homogeneous, Isotropic Turbulence: Phenomenology, Renormalization and Statistical Closures},
  author={McComb, W David},
  volume={162},
  year={2014},
  publisher={OUP Oxford}
}

@book{tsinober2009,
  title={An informal conceptual introduction to turbulence},
  author={Tsinober, Arkady},
  volume={483},
  year={2009},
  publisher={Springer}
}

@article{avila2011,
  title={The onset of turbulence in pipe flow},
  author={Avila, Kerstin and Moxey, David and de Lozar, Alberto and Avila, Marc and Barkley, Dwight and Hof, Bj{\"o}rn},
  journal={Science},
  volume={333},
  number={6039},
  pages={192--196},
  year={2011},
  publisher={American Association for the Advancement of Science}
}

@article{mccomb1990,
  title={The physics of fluid turbulence},
  author={McComb, William D},
  journal={cp},
  year={1990}
}

@book{frisch1995,
  title={Turbulence: the legacy of AN Kolmogorov},
  author={Frisch, Uriel and Kolmogorov, Andrei Nikolaevich},
  year={1995},
  publisher={Cambridge university press}
}

@book{mccomb2004,
  title={Renormalization methods: a guide for beginners},
  author={McComb, William D and McComb, WD and others},
  year={2004},
  publisher={Oxford University Press}
}

@article{lvov1995,
  title={Exact Resummations in the Theory of Hydrodynamic Turbulence: 0. Line-Resummed Diagrammatic Perturbation Approach},
  author={L'vov, Victor and Procaccia, Itamar},
  journal={arXiv preprint chao-dyn/9502010},
  year={1995}
}

@article{kolmogorov1941a,
  title={The local structure of turbulence in incompressible viscous fluid for very large Reynolds numbers},
  author={Kolmogorov, Andrey Nikolaevich},
  journal={Cr Acad. Sci. URSS},
  volume={30},
  pages={301--305},
  year={1941}
}

@article{cvitanovic2013,
  title={Recurrent flows: the clockwork behind turbulence},
  author={Cvitanovi{\'c}, Predrag},
  journal={Journal of Fluid Mechanics},
  volume={726},
  pages={1--4},
  year={2013},
  publisher={Cambridge University Press}
}

@article{ishihara2009,
  title={Study of high--Reynolds number isotropic turbulence by direct numerical simulation},
  author={Ishihara, Takashi and Gotoh, Toshiyuki and Kaneda, Yukio},
  journal={Annual Review of Fluid Mechanics},
  volume={41},
  pages={165--180},
  year={2009},
  publisher={Annual Reviews}
}

@article{avila2011,
  title={The onset of turbulence in pipe flow},
  author={Avila, Kerstin and Moxey, David and de Lozar, Alberto and Avila, Marc and Barkley, Dwight and Hof, Bj{\"o}rn},
  journal={Science},
  volume={333},
  number={6039},
  pages={192--196},
  year={2011},
  publisher={American Association for the Advancement of Science}
}


@article{onsager1949,
  title={Statistical hydrodynamics},
  author={Onsager, Lars},
  journal={Il Nuovo Cimento (1943-1954)},
  volume={6},
  number={2},
  pages={279--287},
  year={1949},
  publisher={Springer}
}

@misc{pope2001,
  title={Turbulent flows},
  author={Pope, Stephen B},
  year={2001},
  publisher={IOP Publishing}
}

@article{karman1938,
  title={On the statistical theory of isotropic turbulence},
  author={De Karman, Theodore and Howarth, Leslie},
  journal={Proceedings of the Royal Society of London. Series A-Mathematical and Physical Sciences},
  volume={164},
  number={917},
  pages={192--215},
  year={1938},
  publisher={The Royal Society}
}

@article{landau1959,
  title={EM Lifshitz, Fluid Mechanics},
  author={Landau, LD},
  journal={Course of theoretical physics},
  volume={6},
  year={1959}
}

@article{alexakis2018,
  title={Cascades and transitions in turbulent flows},
  author={Alexakis, Alexandros and Biferale, Luca},
  journal={Physics Reports},
  volume={767},
  pages={1--101},
  year={2018},
  publisher={Elsevier}
}


@article{eyink2006,
  title={Onsager and the theory of hydrodynamic turbulence},
  author={Eyink, Gregory L and Sreenivasan, Katepalli R},
  journal={Reviews of modern physics},
  volume={78},
  number={1},
  pages={87},
  year={2006},
  publisher={APS}
}


@book{billingsley2008,
  title={Probability and measure},
  author={Billingsley, Patrick},
  year={2008},
  publisher={John Wiley \& Sons}
}

@book{lumley2007,
  title={Stochastic tools in turbulence},
  author={Lumley, John L},
  year={2007},
  publisher={Courier Corporation}
}

@book{lasota2013,
  title={Chaos, fractals, and noise: stochastic aspects of dynamics},
  author={Lasota, Andrzej and Mackey, Michael C},
  volume={97},
  year={2013},
  publisher={Springer Science \& Business Media}
}

@article{baines1996mechanics,
  title={The mechanics of the Tollmien-Schlichting wave},
  author={Baines, Peter G and Majumdar, Sharan J and Mitsudera, Humio},
  journal={Journal of fluid mechanics},
  volume={312},
  number={107},
  pages={51},
  year={1996},
  publisher={Cambridge; New York: Cambridge University Press, 1956-}
}


@article{li2008,
  title={A public turbulence database cluster and applications to study Lagrangian evolution of velocity increments in turbulence},
  author={Li, Yi and Perlman, Eric and Wan, Minping and Yang, Yunke and Meneveau, Charles and Burns, Randal and Chen, Shiyi and Szalay, Alexander and Eyink, Gregory},
  journal={Journal of Turbulence},
  number={9},
  pages={N31},
  year={2008},
  publisher={Taylor \& Francis}
}

@article{lee2015,
  title={Direct numerical simulation of turbulent channel flow up to},
  author={Lee, Myoungkyu and Moser, Robert D},
  journal={Journal of Fluid Mechanics},
  volume={774},
  pages={395--415},
  year={2015},
  publisher={Cambridge University Press}
}

@book{nicolis2012,
  title={Foundations of complex systems: emergence, information and predicition},
  author={Nicolis, Gregoire and Nicolis, Cathy},
  year={2012},
  publisher={World Scientific}
}

@book{cover1999,
  title={Elements of information theory},
  author={Cover, Thomas M},
  year={1999},
  publisher={John Wiley \& Sons}
}

@article{jaynes1957,
  title={Information theory and statistical mechanics},
  author={Jaynes, Edwin T},
  journal={Physical review},
  volume={106},
  number={4},
  pages={620},
  year={1957},
  publisher={APS}
}

@article{beck2009,
  title={Generalised information and entropy measures in physics},
  author={Beck, Christian},
  journal={Contemporary Physics},
  volume={50},
  number={4},
  pages={495--510},
  year={2009},
  publisher={Taylor \& Francis}
}

@article{shannon1948,
  title={A mathematical theory of communication},
  author={Shannon, Claude Elwood},
  journal={The Bell system technical journal},
  volume={27},
  number={3},
  pages={379--423},
  year={1948},
  publisher={Nokia Bell Labs}
}

@article{jaynes1957,
  title={Information theory and statistical mechanics},
  author={Jaynes, Edwin T},
  journal={Physical review},
  volume={106},
  number={4},
  pages={620},
  year={1957},
  publisher={APS}
}


@book{khinchin2013,
  title={Mathematical foundations of information theory},
  author={Khinchin, A Ya},
  year={2013},
  publisher={Courier Corporation}
}


@article{edwards1969,
  title={Statistical mechanics far from equilibrium},
  author={Edwards, SF and McComb, WD},
  journal={Journal of Physics A: General Physics},
  volume={2},
  number={2},
  pages={157},
  year={1969},
  publisher={IOP Publishing}
}

@book{amari2016,
  title={Information geometry and its applications},
  author={Amari, Shun-ichi},
  volume={194},
  year={2016},
  publisher={Springer}
}

@article{lundgren1967,
  title={Distribution functions in the statistical theory of turbulence},
  author={Lundgren, TS},
  journal={The Physics of Fluids},
  volume={10},
  number={5},
  pages={969--975},
  year={1967},
  publisher={American Institute of Physics}
}

@article{friedrich2012,
  title={The Lundgren--Monin--Novikov hierarchy: kinetic equations for turbulence},
  author={Friedrich, Rudolf and Daitche, Anton and Kamps, Oliver and L{\"u}lff, Johannes and Vo{\ss}kuhle, Michel and Wilczek, Michael},
  journal={Comptes Rendus Physique},
  volume={13},
  number={9-10},
  pages={929--953},
  year={2012},
  publisher={Elsevier}
}

@article{hill2001,
  title={Equations relating structure functions of all orders},
  author={Hill, Reginald J},
  journal={Journal of Fluid Mechanics},
  volume={434},
  pages={379--388},
  year={2001},
  publisher={Cambridge University Press}
}


@book{argyris2015,
  title={An exploration of dynamical systems and chaos: completely revised and enlarged second edition},
  author={Argyris, John H and Faust, Gunter and Haase, Maria and Friedrich, Rudolf},
  year={2015},
  publisher={Springer}
}

@book{criminale2018,
  title={Theory and computation in hydrodynamic stability},
  author={Criminale, William O and Jackson, Thomas Luther and Joslin, Ronald Douglas},
  year={2018},
  publisher={Cambridge University Press}
}

@book{schlichting2016,
  title={Boundary-layer theory},
  author={Schlichting, Hermann and Gersten, Klaus},
  year={2016},
  publisher={Springer}
}

@book{chandrasekhar2013,
  title={Hydrodynamic and hydromagnetic stability},
  author={Chandrasekhar, Subrahmanyan},
  year={2013},
  publisher={Courier Corporation}
}

@book{yaglom2012,
  title={Hydrodynamic instability and transition to turbulence},
  author={Yaglom, Akiva M},
  volume={100},
  year={2012},
  publisher={Springer Science \& Business Media}
}

@article{squire1933,
  title={On the stability for three-dimensional disturbances of viscous fluid flow between parallel walls},
  author={Squire, Herbert Brian},
  journal={Proceedings of the Royal Society of London. Series A, Containing Papers of a Mathematical and Physical Character},
  volume={142},
  number={847},
  pages={621--628},
  year={1933},
  publisher={The Royal Society London}
}

@article{hopf1952,
  title={Statistical hydromechanics and functional calculus},
  author={Hopf, Eberhard},
  journal={Journal of rational Mechanics and Analysis},
  volume={1},
  pages={87--123},
  year={1952},
  publisher={JSTOR}
}

@article{renner2006,
  title={The Markov--Einstein coherence length—a new meaning for the Taylor length in turbulence},
  author={Renner, Ch and Peinke, J and Friedrich, R and others},
  journal={Physics Letters A},
  volume={359},
  number={5},
  pages={335--338},
  year={2006},
  publisher={Elsevier}
}

@article{friedrich1997,
  title={Description of a turbulent cascade by a Fokker-Planck equation},
  author={Friedrich, Rudolf and Peinke, Joachim},
  journal={Physical Review Letters},
  volume={78},
  number={5},
  pages={863},
  year={1997},
  publisher={APS}
}

@article{friedrich2011,
  title={Approaching complexity by stochastic methods: From biological systems to turbulence},
  author={Friedrich, Rudolf and Peinke, Joachim and Sahimi, Muhammad and Tabar, M Reza Rahimi},
  journal={Physics Reports},
  volume={506},
  number={5},
  pages={87--162},
  year={2011},
  publisher={Elsevier}
}

@article{peinke2019,
  title={The Fokker--Planck approach to complex spatiotemporal disordered systems},
  author={Peinke, Joachim and Tabar, MR Rahimi and W{\"a}chter, Matthias},
  journal={Annual Review of Condensed Matter Physics},
  volume={10},
  pages={107--132},
  year={2019},
  publisher={Annual Reviews}
}

@article{wu2020,
  title={Nonequilibrium thermodynamics of turbulence and stochastic fluid systems},
  author={Wu, Wei and Wang, Jin},
  journal={New Journal of Physics},
  volume={22},
  number={11},
  pages={113017},
  year={2020},
  publisher={IOP Publishing}
}

@book{wio2013,
  title={Path integrals for stochastic processes: An introduction},
  author={Wio, Horacio S},
  year={2013},
  publisher={World Scientific}
}

@book{van1992,
  title={Stochastic processes in physics and chemistry},
  author={Van Kampen, Nicolaas Godfried},
  volume={1},
  year={1992},
  publisher={Elsevier}
}

@book{nicolis2012,
  title={Foundations of complex systems: emergence, information and predicition},
  author={Nicolis, Gregoire and Nicolis, Cathy},
  year={2012},
  publisher={World Scientific}
}

@article{cvitanovic2005,
  title={Chaos: classical and quantum},
  author={Cvitanovic, Predrag and Artuso, Roberto and Mainieri, Ronnie and Tanner, Gregor and Vattay, G{\'a}bor and Whelan, Niall and Wirzba, Andreas},
  journal={ChaosBook. org (Niels Bohr Institute, Copenhagen 2005)},
  volume={69},
  pages={25},
  year={2005}
}

@book{gaspard2005,
  title={Chaos, scattering and statistical mechanics},
  author={Gaspard, Pierre},
  number={9},
  year={2005},
  publisher={Cambridge University Press}
}

@book{beck1995,
  title={Thermodynamics of chaotic systems: an introduction},
  author={Beck, Christian and Sch{\"o}gl, Friedrich},
  number={4},
  year={1995},
  publisher={Cambridge University Press}
}